<record><leader>00000cas a22000007a 4500</leader><controlfield tag="001">13454397</controlfield><controlfield tag="008">860418d190519uuinudn ne      0    0eng d</controlfield><datafield ind1=" " ind2=" " tag="010"><subfield code="a">sn 86058485 </subfield></datafield><datafield ind1=" " ind2=" " tag="040"><subfield code="a">NPI</subfield><subfield code="b">eng</subfield><subfield code="c">NPI</subfield><subfield code="d">OCL</subfield><subfield code="d">OCLCQ</subfield></datafield><datafield ind1=" " ind2=" " tag="042"><subfield code="a">msc</subfield></datafield><datafield ind1="0" ind2=" " tag="130"><subfield code="a">Daily times gazette (Hartford City, Ind.)</subfield></datafield><datafield ind1="1" ind2="4" tag="245"><subfield code="a">The daily times gazette.</subfield></datafield><datafield ind1=" " ind2=" " tag="260"><subfield code="a">Hartford City, Ind. :</subfield><subfield code="b">Times Gazette Co.</subfield></datafield><datafield ind1=" " ind2=" " tag="310"><subfield code="a">Daily (except Sun.)</subfield></datafield><datafield ind1=" " ind2=" " tag="500"><subfield code="a">Published in morning and evening editions.</subfield></datafield><datafield ind1=" " ind2=" " tag="580"><subfield code="a">Published also in a weekly edition. Cf. Ayer, 1907.</subfield></datafield><datafield ind1=" " ind2=" " tag="588"><subfield code="a">Description based on: Vol. 20, no. 216 (Sept. 10, 1915).</subfield></datafield><datafield ind1=" " ind2=" " tag="752"><subfield code="a">United States</subfield><subfield code="b">Indiana</subfield><subfield code="c">Blackford</subfield><subfield code="d">Hartford City.</subfield></datafield><datafield ind1="0" ind2="4" tag="780"><subfield code="t">Hartford City daily gazette</subfield><subfield code="w">(DLC)sn 86058486</subfield><subfield code="w">(OCoLC)13454376</subfield></datafield><datafield ind1="0" ind2="4" tag="780"><subfield code="t">Hartford City times (Hartford City, Ind. : Daily)</subfield></datafield><datafield ind1="0" ind2="0" tag="785"><subfield code="t">Hartford City times gazette</subfield><subfield code="w">(DLC)sn 86058489</subfield><subfield code="w">(OCoLC)13454416</subfield></datafield></record>